@book{meggercb,
  title={Recommended circuit breaker tests},
  url={https://megger.com/applications/circuit-breakers/recommended-circuit-breaker-tests},
}
